01ORD34145001B999999990012015060920150612AES9999999999999999999999          1EMPRESA QUE PAGA S.L.                                                 PLACA SAGRADA FAMILIA 1                           08025 BARCELONA                                   BARCELONA                               ES                                                                                                                                                                                                                                                                                                                       
02SCT34145B99999999001                                                                                                                                                                                                                                                                                                                                                                                                                                                                                                                                                                                                  
03SCT34145002DRE0002                            AES8888888888888888888888          000000013773CAIXESBBXXXEmpresa Que Cobra, SL                                                 Valencia 990, 3o1a A                              08001 Barcelona                                   Barcelona                               ESPago de la factura adeudada del mes de mayo con numero 15-345                                                                                                                  SUPPSUPP                                                                                                   
04SCT00000000000001377000000010000000003                                                                                                                                                                                                                                                                                                                                                                                                                                                                                                                                                                                
99ORD00000000000001377000000010000000005                                                                                                                                                                                                                                                                                                                                                                                                                                                                                                                                                                                
